@Article{Yanfeng2009,
  author  = {Bai Yanfeng, Jiang Chunqian, Zhang Shougong},
  journal = {Acta Ecologica Sinica},
  title   = {Carbon stock and potential of emission reduction of harvested wood products in China},
  year    = {2009},
}

@Article{Bergman2014,
  author  = {Richard Bergman, Maureen Puettmann, Adam Taylor, Kenneth E. Skog},
  journal = {Forest Products Journal},
  title   = {The Carbon Impacts of Wood Products},
  year    = {2014},
}

@Booklet{UnitedNations,
  title  = {Forest Products 2019},
  author = {the United Nations},
}

@Article{McPherson2016,
  author  = {McPherson, E. Gregory; van Doorn, Natalie S.; Peper, Paula J.;},
  journal = {U.S. Department of Agriculture},
  title   = {Urban tree database},
  year    = {2016},
}

@TechReport{Campbell2004,
  author      = {Sally Campbell, Willem W.S. van Hees, Bert Mead},
  institution = {United StatesDepartment of Agriculture, ForestService, Pacific Northwest Research Station},
  title       = {Southeast Alaska Forests: Inventory Highlights},
  year        = {2004},
}

@Article{S.H.Lamlom2003,
  author  = {S.H.Lamlom, R.A.Savidge},
  journal = {Biomass and Bioenergy},
  title   = {A reassessment of carbon content in wood: variation within and between 41 North American species},
  year    = {2003},
}

@Misc{Economics,
  author = {Trading Economics},
  title  = {EU Carbon Permits},
  url    = {https://tradingeconomics.com/commodity/carbon},
}

@Comment{jabref-meta: databaseType:bibtex;}
