@Article{Yanfeng2009,
  author  = {Bai Yanfeng, Jiang Chunqian, Zhang Shougong},
  journal = {Acta Ecologica Sinica},
  title   = {Carbon stock and potential of emission reduction of harvested wood products in China},
  year    = {2009},
}

@Article{Bergman2014,
  author  = {Richard Bergman, Maureen Puettmann, Adam Taylor, Kenneth E. Skog},
  journal = {Forest Products Journal},
  title   = {The Carbon Impacts of Wood Products},
  year    = {2014},
}

@Booklet{UnitedNations,
  title  = {Forest Products 2019},
  author = {Food & Agriculture Organization of the United Nations},
}

@Article{McPherson2016,
  author  = {McPherson, E. Gregory; van Doorn, Natalie S.; Peper, Paula J.;},
  journal = {U.S. Department of Agriculture},
  title   = {Urban tree database},
  year    = {2016},
}

@Comment{jabref-meta: databaseType:bibtex;}
